%% This BibTeX bibliography file was created using BibDesk.
%% http://bibdesk.sourceforge.net/

%% Created for Gema at 2018-05-15 12:07:37 +0200


%% Saved with string encoding Unicode (UTF-8)
@book{mcconnell2004code,
  title={Code complete},
  author={McConnell, Steve},
  year={2004},
  publisher={Pearson Education}
}
@inproceedings{rahman2014comparing,
  title={Comparing static bug finders and statistical prediction},
  author={Rahman, Foyzur and Khatri, Sameer and Barr, Earl T and Devanbu, Premkumar},
  booktitle={Proceedings of the 36th International Conference on Software Engineering},
  pages={424--434},
  year={2014},
  organization={ACM}
}

@article{shull2008role,
  title={The role of replications in empirical software engineering},
  author={Shull, Forrest J and Carver, Jeffrey C and Vegas, Sira and Juristo, Natalia},
  journal={Empirical software engineering},
  volume={13},
  number={2},
  pages={211--218},
  year={2008},
  publisher={Springer}
}
@article{flyvbjerg2006five,
  title={Five misunderstandings about case-study research},
  author={Flyvbjerg, Bent},
  journal={Qualitative inquiry},
  volume={12},
  number={2},
  pages={219--245},
  year={2006},
  publisher={Sage publications}
}
@book{wohlin2012experimentation,
  title={Experimentation in software engineering},
  author={Wohlin, Claes and Runeson, Per and H{\"o}st, Martin and Ohlsson, Magnus C and Regnell, Bj{\"o}rn and Wessl{\'e}n, Anders},
  year={2012},
  publisher={Springer Science \& Business Media}
}
@inproceedings{rosso2016purposes,
  title={Purposes, concepts, misfits, and a redesign of git},
  author={Rosso, De and Perez, Santiago and others},
  booktitle={ACM SIGPLAN Notices},
  pages={292--310},
  year={2016},
  organization={ACM}
}
@inproceedings{monperrus2014critical,
  title={A critical review of automatic patch generation learned from human-written patches: essay on the problem statement and the evaluation of automatic software repair},
  author={Monperrus, Martin},
  booktitle={Proceedings of the 36th International Conference on Software Engineering},
  pages={234--242},
  year={2014},
  organization={ACM}
}
@inproceedings{weimer2009automatically,
  title={Automatically finding patches using genetic programming},
  author={Weimer, Westley and Nguyen, ThanhVu and Le Goues, Claire and Forrest, Stephanie},
  booktitle={Proceedings of the 31st International Conference on Software Engineering},
  pages={364--374},
  year={2009},
  organization={IEEE Computer Society}
}
@inproceedings{kaner2006exploratory,
  title={Exploratory testing},
  author={Kaner, Cem},
  booktitle={Quality assurance institute worldwide annual software testing conference},
  year={2006}
}
@inproceedings{forrest2009genetic,
  title={A genetic programming approach to automated software repair},
  author={Forrest, Stephanie and Nguyen, ThanhVu and Weimer, Westley and Le Goues, Claire},
  booktitle={Proceedings of the 11th Annual conference on Genetic and evolutionary computation},
  pages={947--954},
  year={2009},
  organization={ACM}
}
@inproceedings{le2012systematic,
  title={A systematic study of automated program repair: Fixing 55 out of 105 bugs for \$8 each},
  author={Le Goues, Claire and Dewey-Vogt, Michael and Forrest, Stephanie and Weimer, Westley},
  booktitle={Software Engineering (ICSE), 2012 34th International Conference on},
  pages={3--13},
  year={2012},
  organization={IEEE}
}
@article{abreu2009practical,
  title={A practical evaluation of spectrum-based fault localization},
  author={Abreu, Rui and Zoeteweij, Peter and Golsteijn, Rob and Van Gemund, Arjan JC},
  journal={Journal of Systems and Software},
  volume={82},
  number={11},
  pages={1780--1792},
  year={2009},
  publisher={Elsevier}
}
@inproceedings{jones2005empirical,
  title={Empirical evaluation of the tarantula automatic fault-localization technique},
  author={Jones, James A and Harrold, Mary Jean},
  booktitle={Proceedings of the 20th IEEE/ACM international Conference on Automated software engineering},
  pages={273--282},
  year={2005},
  organization={ACM}
}
@phdthesis{shivaji2013efficient,
  title={Efficient bug prediction and fix suggestions},
  author={Shivaji, Shivkumar},
  year={2013},
  school={University of California, Santa Cruz}
}
@article{laprie1985dependable,
  title={Dependable computing and fault-tolerance},
  author={Laprie, Jean-Claude},
  journal={Digest of Papers FTCS-15},
  pages={2--11},
  year={1985}
}
@article{shivaji2013reducing,
  title={Reducing features to improve code change-based bug prediction},
  author={Shivaji, Shivkumar and Whitehead, E James and Akella, Ram and Kim, Sunghun},
  journal={IEEE Transactions on Software Engineering},
  volume={39},
  number={4},
  pages={552--569},
  year={2013},
  publisher={IEEE}
}
@article{vanhilst2011process,
  title={Process analysis of a waterfall project using repository data},
  author={VanHilst, Michael and Huang, Shihong and Lindsay, Hugh},
  journal={International Journal of Computers and Applications},
  volume={33},
  number={1},
  pages={49--56},
  year={2011},
  publisher={Taylor \& Francis}
}
@article{yuan2013predicting,
  title={Predicting bugs in source code changes with incremental learning method},
  author={Yuan, Zi and Yu, Lili and Liu, Chao and Zhang, Linghua},
  journal={Journal of Software},
  volume={8},
  number={7},
  pages={1620--1634},
  year={2013},
  publisher={Academy Publisher}
}
@inproceedings{yamada2014text,
  title={A Text Filtering Based Approach to Classify Bug Injected and Fixed Changes},
  author={Yamada, Akihisa and Mizuno, Osamu},
  booktitle={Advanced Applied Informatics (IIAIAAI), 2014 IIAI 3rd International Conference on},
  pages={680--686},
  year={2014},
  organization={IEEE}
}
@article{brun2013early,
  title={Early detection of collaboration conflicts and risks},
  author={Brun, Yuriy and Holmes, Reid and Ernst, Michael D and Notkin, David},
  journal={IEEE Transactions on Software Engineering},
  pages={1358--1375},
  year={2013},
  publisher={IEEE}
}
@inproceedings{ando2015does,
  title={How Does Defect Removal Activity of Developer Vary with Development Experience?},
  author={Ando, Reou and Sato, Seiji and Uchida, Chihiro and Washizaki, Hironori and Fukazawa, Yoshiaki and Inoue, Sakae and Ono, Hiroyuki and Hanai, Yoshiiku and Kanazawa, Masanobu and Sone, Kazutaka and others},
  booktitle={SEKE},
  pages={540--545},
  year={2015}
}
@article{tan2014bug,
  title={Bug characteristics in open source software},
  author={Tan, Lin and Liu, Chen and Li, Zhenmin and Wang, Xuanhui and Zhou, Yuanyuan and Zhai, Chengxiang},
  journal={Empirical Software Engineering},
  volume={19},
  number={6},
  pages={1665--1705},
  year={2014},
  publisher={Springer}
}
@article{prechelt2014software,
  title={Why software repositories are not used for defect-insertion circumstance analysis more often: A case study},
  author={Prechelt, Lutz and Pepper, Alexander},
  journal={Information and Software Technology},
  volume={56},
  number={10},
  pages={1377--1389},
  year={2014},
  publisher={Elsevier}
}
@inproceedings{bird2010linkster,
  title={Linkster: enabling efficient manual inspection and annotation of mined data},
  author={Bird, Christian and Bachmann, Adrian and Rahman, Foyzur and Bernstein, Abraham},
  booktitle={Proceedings of the eighteenth ACM SIGSOFT international symposium on Foundations of software engineering},
  pages={369--370},
  year={2010},
  organization={ACM}
}
@inproceedings{bettenburg2008makes,
  title={What makes a good bug report?},
  author={Bettenburg, Nicolas and Just, Sascha and Schr{\"o}ter, Adrian and Weiss, Cathrin and Premraj, Rahul and Zimmermann, Thomas},
  booktitle={Proceedings of the 16th ACM SIGSOFT International Symposium on Foundations of software engineering},
  pages={308--318},
  year={2008},
  organization={ACM}
}
@article{liu2006statistical,
  title={Statistical debugging: A hypothesis testing-based approach},
  author={Liu, Chao and Fei, Long and Yan, Xifeng and Han, Jiawei and Midkiff, Samuel P},
  journal={IEEE Transactions on software engineering},
  volume={32},
  number={10},
  pages={831--848},
  year={2006},
  publisher={IEEE}
}
@inproceedings{hindle2008large,
  title={What do large commits tell us?: a taxonomical study of large commits},
  author={Hindle, Abram and German, Daniel M and Holt, Ric},
  booktitle={Proceedings of the 2008 international working conference on Mining software repositories},
  pages={99--108},
  year={2008},
  organization={ACM}
}
@article{massacci2014empirical,
  title={An empirical methodology to evaluate vulnerability discovery models},
  author={Massacci, Fabio and Nguyen, Viet Hung},
  journal={IEEE Transactions on Software Engineering},
  volume={40},
  number={12},
  pages={1147--1162},
  year={2014},
  publisher={IEEE}
}
@inproceedings{neuhaus2007predicting,
  title={Predicting vulnerable software components},
  author={Neuhaus, Stephan and Zimmermann, Thomas and Holler, Christian and Zeller, Andreas},
  booktitle={Proceedings of the 14th ACM conference on Computer and communications security},
  pages={529--540},
  year={2007},
  organization={ACM}
}
@inproceedings{ray2016naturalness,
  title={On the naturalness of buggy code},
  author={Ray, Baishakhi and Hellendoorn, Vincent and Godhane, Saheel and Tu, Zhaopeng and Bacchelli, Alberto and Devanbu, Premkumar},
  booktitle={Proceedings of the 38th International Conference on Software Engineering},
  pages={428--439},
  year={2016},
  organization={ACM}
}
@inproceedings{blondeau2017testing,
  title={What are the Testing Habits of Developers? A Case Study in a Large IT Company},
  author={Blondeau, Vincent and Etien, Anne and Anquetil, Nicolas and Cresson, Sylvain and Croisy, Pascal and Ducasse, St{\'e}phane},
  booktitle={Software Maintenance and Evolution (ICSME), 2017 IEEE International Conference on},
  pages={58--68},
  year={2017},
  organization={IEEE}
}

@inproceedings{bachmann2009software,
	Author = {Bachmann, Adrian and Bernstein, Abraham},
	Booktitle = {Proceedings of the joint international and annual ERCIM workshops on Principles of software evolution (IWPSE) and software evolution (Evol) workshops},
	Date-Added = {2018-05-15 10:02:53 +0000},
	Date-Modified = {2018-05-15 10:02:53 +0000},
	Organization = {ACM},
	Pages = {119--128},
	Title = {Software process data quality and characteristics: a historical view on open and closed source projects},
	Year = {2009}}

@article{da2016framework,
	Author = {da Costa, Daniel Alencar and McIntosh, Shane and Shang, Weiyi and Kulesza, Uira and Coelho, Roberta and Hassan, Ahmed},
	Journal = {IEEE Transactions on Software Engineering (in press)},
	Publisher = {IEEE},
	Title = {A Framework for Evaluating the Results of the SZZ Approach for Identifying Bug-Introducing Changes},
	Year = {2016}}

@inproceedings{herzig2013s,
	Author = {Herzig, Kim and Just, Sascha and Zeller, Andreas},
	Booktitle = {Proceedings of the 2013 International Conference on Software Engineering},
	Organization = {IEEE Press},
	Pages = {392--401},
	Title = {It's not a bug, it's a feature: how misclassification impacts bug prediction},
	Year = {2013}}

@inproceedings{tan2015online,
	Author = {Tan, Ming and Tan, Lin and Dara, Sashank and Mayeux, Caleb},
	Booktitle = {Proceedings of the 37th International Conference on Software Engineering-Volume 2},
	Organization = {IEEE Press},
	Pages = {99--108},
	Title = {Online defect prediction for imbalanced data},
	Year = {2015}}

@inproceedings{rodriguez2016bugtracking,
	Author = {Rodr{\'\i}guez-P{\'e}rez, Gema and Gonzalez-Barahona, Jes{\'u}s M and Robles, Gregorio and Dalipaj, Dorealda and Sekitoleko, Nelson},
	Booktitle = {IFIP International Conference on Open Source Systems},
	Organization = {Springer},
	Pages = {192--198},
	Title = {BugTracking: A Tool to Assist in the Identification of Bug Reports},
	Year = {2016}}

@inproceedings{wu2011relink,
	Author = {Wu, Rongxin and Zhang, Hongyu and Kim, Sunghun and Cheung, Shing-Chi},
	Booktitle = {Proceedings of the 19th ACM SIGSOFT symposium and the 13th European conference on Foundations of software engineering},
	Organization = {ACM},
	Pages = {15--25},
	Title = {Relink: recovering links between bugs and changes},
	Year = {2011}}

@inproceedings{nguyen2012multi,
	Author = {Nguyen, Anh Tuan and Nguyen, Tung Thanh and Nguyen, Hoan Anh and Nguyen, Tien N},
	Booktitle = {Proceedings of the ACM SIGSOFT 20th International Symposium on the Foundations of Software Engineering},
	Organization = {ACM},
	Pages = {63},
	Title = {Multi-layered approach for recovering links between bug reports and fixes},
	Year = {2012}}

@inproceedings{schroter2006if,
	Author = {Schr{\"o}ter, Adrian and Zimmermann, Thomas and Premraj, Rahul and Zeller, Andreas},
	Booktitle = {Proceedings of the 5th international symposium on empirical software engineering},
	Organization = {Citeseer},
	Pages = {18--20},
	Title = {If your bug database could talk},
	Volume = {2},
	Year = {2006}}

@inproceedings{vcubranic2003hipikat,
	Author = {{\v{C}}ubrani{\'c}, Davor and Murphy, Gail C},
	Booktitle = {Proceedings of the 25th international Conference on Software Engineering},
	Organization = {IEEE Computer Society},
	Pages = {408--418},
	Title = {Hipikat: Recommending pertinent software development artifacts},
	Year = {2003}}

@inproceedings{zimmermann2007predicting,
	Author = {Zimmermann, Thomas and Premraj, Rahul and Zeller, Andreas},
	Booktitle = {Proceedings of the third international workshop on predictor models in software engineering},
	Organization = {IEEE Computer Society},
	Pages = {9},
	Title = {Predicting defects for eclipse},
	Year = {2007}}

@inproceedings{le2015rclinker,
	Author = {Le, Tien-Duy B and Linares-V{\'a}squez, Mario and Lo, David and Poshyvanyk, Denys},
	Booktitle = {Program Comprehension (ICPC), 2015 IEEE 23rd International Conference on},
	Organization = {IEEE},
	Pages = {36--47},
	Title = {Rclinker: Automated linking of issue reports and commits leveraging rich contextual information},
	Year = {2015}}

@inproceedings{bachmann2010missing,
	Author = {Bachmann, Adrian and Bird, Christian and Rahman, Foyzur and Devanbu, Premkumar and Bernstein, Abraham},
	Booktitle = {Proceedings of the eighteenth ACM SIGSOFT international symposium on Foundations of software engineering},
	Organization = {ACM},
	Pages = {97--106},
	Title = {The missing links: bugs and bug-fix commits},
	Year = {2010}}

@article{mcintosh2016empirical,
	Author = {McIntosh, Shane and Kamei, Yasutaka and Adams, Bram and Hassan, Ahmed E},
	Journal = {Empirical Software Engineering},
	Number = {5},
	Pages = {2146--2189},
	Publisher = {Springer},
	Title = {An empirical study of the impact of modern code review practices on software quality},
	Volume = {21},
	Year = {2016}}

@inproceedings{kim2006automatic,
	Author = {Kim, Sunghun and Zimmermann, Thomas and Pan, Kai and James Jr, E and others},
	Booktitle = {Automated Software Engineering, 2006. ASE'06. 21st IEEE/ACM International Conference on},
	Organization = {IEEE},
	Pages = {81--90},
	Title = {Automatic identification of bug-introducing changes},
	Year = {2006}}

@inproceedings{williams2008szz,
	Author = {Williams, Chadd and Spacco, Jaime},
	Booktitle = {Proceedings of the 2008 workshop on Defects in large software systems},
	Organization = {ACM},
	Pages = {32--36},
	Title = {{SZZ} revisited: {V}erifying when changes induce fixes},
	Year = {2008}}

@article{sun2017frlink,
	Author = {Sun, Yan and Wang, Qing and Yang, Ye},
	Journal = {Information and Software Technology},
	Pages = {33--47},
	Publisher = {Elsevier},
	Title = {Frlink: Improving the recovery of missing issue-commit links by revisiting file relevance},
	Volume = {84},
	Year = {2017}}

@incollection{izquierdo2011developers,
	Author = {Izquierdo-Cortazar, Daniel and Capiluppi, Andrea and Gonzalez-Barahona, Jesus M},
	Booktitle = {Open Source Software Dynamics, Processes, and Applications},
	Pages = {79--98},
	Publisher = {IGI Global},
	Title = {Are Developers Fixing Their Own Bugs?: Tracing Bug-Fixing and Bug-Seeding Committers},
	Year = {2011}}

@inproceedings{steff2012characterizing,
	Author = {Steff, Maximilian and Russo, Barbara},
	Booktitle = {Empirical Software Engineering and Measurement (ESEM), 2012 ACM-IEEE International Symposium on},
	Organization = {IEEE},
	Pages = {59--68},
	Title = {Characterizing the roles of classes and their fault-proneness through change metrics},
	Year = {2012}}

@article{izquierdo2012more,
	Author = {Izquierdo-Cort{\'a}zar, Daniel and Robles, Gregorio and Gonz{\'a}lez-Barahona, Jes{\'u}s},
	Journal = {Open Source Systems: Long-Term Sustainability},
	Pages = {268--273},
	Publisher = {Springer},
	Title = {Do more experienced developers introduce fewer bugs?},
	Year = {2012}}

@article{kim2008classifying,
	Author = {Kim, Sunghun and Whitehead Jr, E James and Zhang, Yi},
	Journal = {IEEE Transactions on Software Engineering},
	Number = {2},
	Pages = {181--196},
	Publisher = {IEEE},
	Title = {Classifying software changes: Clean or buggy?},
	Volume = {34},
	Year = {2008}}

@inproceedings{sliwerski2005changes,
	Author = {{\'S}liwerski, Jacek and Zimmermann, Thomas and Zeller, Andreas},
	Booktitle = {ACM sigsoft software engineering notes},
	Organization = {ACM},
	Pages = {1--5},
	Title = {When do changes induce fixes?},
	Volume = {30},
	Year = {2005}}

@article{bettenburg2013studying,
	Author = {Bettenburg, Nicolas and Hassan, Ahmed E},
	Journal = {Empirical Software Engineering},
	Number = {2},
	Pages = {375--431},
	Publisher = {Springer},
	Title = {Studying the impact of social interactions on software quality},
	Volume = {18},
	Year = {2013}}

@inproceedings{kim2006properties,
	Author = {Kim, Sunghun and Whitehead, E James and others},
	Booktitle = {Software Maintenance, 2006. ICSM'06. 22nd IEEE International Conference on},
	Organization = {IEEE},
	Pages = {4--13},
	Title = {Properties of signature change patterns},
	Year = {2006}}

@phdthesis{cao2015investigating,
	Author = {Cao, Yaxin},
	School = {Universite de Montreal},
	Title = {Investigating the Impact of Personal, Temporal and Participation Factors on Code Review Quality},
	Year = {2015}}

@inproceedings{bavota2015four,
	Author = {Bavota, Gabriele and Russo, Barbara},
	Booktitle = {Software Maintenance and Evolution (ICSME), 2015 IEEE International Conference on},
	Organization = {IEEE},
	Pages = {81--90},
	Title = {Four eyes are better than two: On the impact of code reviews on software quality},
	Year = {2015}}

@article{hata2010fault,
	Author = {Hata, Hideaki and Mizuno, Osamu and Kikuno, Tohru},
	Journal = {Empirical Software Engineering},
	Number = {2},
	Pages = {147--165},
	Publisher = {Springer},
	Title = {Fault-prone module detection using large-scale text features based on spam filtering},
	Volume = {15},
	Year = {2010}}

@inproceedings{rahman2011bugcache,
	Author = {Rahman, Foyzur and Posnett, Daryl and Hindle, Abram and Barr, Earl and Devanbu, Premkumar},
	Booktitle = {Proceedings of the 19th ACM SIGSOFT symposium and the 13th European conference on Foundations of software engineering},
	Organization = {ACM},
	Pages = {322--331},
	Title = {BugCache for inspections: hit or miss?},
	Year = {2011}}

@article{guerrouj2015investigating,
	Author = {Guerrouj, Latifa and Kermansaravi, Zeinab and Arnaoudova, Venera and Fung, Benjamin CM and Khomh, Foutse and Antoniol, Giuliano and Gu{\'e}h{\'e}neuc, Yann-Ga{\"e}l},
	Journal = {Software Quality Journal},
	Pages = {1--30},
	Publisher = {Springer},
	Title = {Investigating the relation between lexical smells and change-and fault-proneness: an empirical study},
	Year = {2015}}

@article{pan2009toward,
	Author = {Pan, Kai and Kim, Sunghun and Whitehead, E James},
	Journal = {Empirical Software Engineering},
	Number = {3},
	Pages = {286--315},
	Publisher = {Springer},
	Title = {Toward an understanding of bug fix patterns},
	Volume = {14},
	Year = {2009}}

@inproceedings{meneely2013patch,
	Author = {Meneely, Andrew and Srinivasan, Harshavardhan and Musa, Ayemi and Tejeda, Alberto Rodriguez and Mokary, Matthew and Spates, Brian},
	Booktitle = {Empirical Software Engineering and Measurement, 2013 ACM/IEEE International Symposium on},
	Organization = {IEEE},
	Pages = {65--74},
	Title = {When a patch goes bad: Exploring the properties of vulnerability-contributing commits},
	Year = {2013}}

@article{syer2015replicating,
	Author = {Syer, Mark D and Nagappan, Meiyappan and Adams, Bram and Hassan, Ahmed E},
	Journal = {IEEE Transactions on Software Engineering},
	Number = {2},
	Pages = {176--197},
	Publisher = {IEEE},
	Title = {Replicating and re-evaluating the theory of relative defect-proneness},
	Volume = {41},
	Year = {2015}}

@inproceedings{zimmermann2006mining,
	Author = {Zimmermann, Thomas and Kim, Sunghun and Zeller, Andreas and Whitehead Jr, E James},
	Booktitle = {Proceedings of the 2006 international workshop on Mining software repositories},
	Organization = {ACM},
	Pages = {72--75},
	Title = {Mining version archives for co-changed lines},
	Year = {2006}}

@inproceedings{yangbug,
	Author = {Yang, Haoyu and Wang, Chen and Shi, Qingkai and Feng, Yang and Chen, Zhenyu},
	Booktitle = {Proceedings of the Twenty-Sixth International Conference on Software Engineering and Knowledge Engineering (SEKE 2014)},
	Pages = {620--625},
	Title = {Bug Inducing Analysis to Prevent Fault Prone Bug Fixes},
	Year = {2014}}

@inproceedings{yin2011fixes,
	Author = {Yin, Zuoning and Yuan, Ding and Zhou, Yuanyuan and Pasupathy, Shankar and Bairavasundaram, Lakshmi},
	Booktitle = {Proceedings of the 19th ACM SIGSOFT symposium and the 13th European conference on Foundations of software engineering},
	Organization = {ACM},
	Pages = {26--36},
	Title = {How do fixes become bugs?},
	Year = {2011}}

@inproceedings{tantithamthavorn2013mining,
	Author = {Tantithamthavorn, Chakkrit and Teekavanich, Rattamont and Ihara, Akinori and Matsumoto, Ken-ichi},
	Booktitle = {Software Reliability Engineering Workshops (ISSREW), 2013 IEEE International Symposium on},
	Organization = {IEEE},
	Pages = {108--113},
	Title = {Mining A change history to quickly identify bug locations: A case study of the Eclipse project},
	Year = {2013}}

@inproceedings{nagappan2006mining,
	Author = {Nagappan, Nachiappan and Ball, Thomas and Zeller, Andreas},
	Booktitle = {Proceedings of the 28th international conference on Software engineering},
	Organization = {ACM},
	Pages = {452--461},
	Title = {Mining metrics to predict component failures},
	Year = {2006}}

@inproceedings{kamei2010revisiting,
	Author = {Kamei, Yasutaka and Matsumoto, Shinsuke and Monden, Akito and Matsumoto, Ken-ichi and Adams, Bram and Hassan, Ahmed E},
	Booktitle = {Software Maintenance (ICSM), 2010 IEEE International Conference on},
	Organization = {IEEE},
	Pages = {1--10},
	Title = {Revisiting common bug prediction findings using effort-aware models},
	Year = {2010}}

@inproceedings{eyolfson2011time,
	Author = {Eyolfson, Jon and Tan, Lin and Lam, Patrick},
	Booktitle = {Proceedings of the 8th Working Conference on Mining Software Repositories},
	Organization = {ACM},
	Pages = {153--162},
	Title = {Do time of day and developer experience affect commit bugginess?},
	Year = {2011}}

@article{eyolfson2014correlations,
	Author = {Eyolfson, Jon and Tan, Lin and Lam, Patrick},
	Journal = {Empirical Software Engineering},
	Number = {4},
	Pages = {1009--1039},
	Publisher = {Springer},
	Title = {Correlations between bugginess and time-based commit characteristics},
	Volume = {19},
	Year = {2014}}

@incollection{fejzer2015supporting,
	Author = {Fejzer, Miko{\l}aj and Wojtyna, Micha{\l} and Burza{\'n}ska, Marta and Wi{\'s}niewski, Piotr and Stencel, Krzysztof},
	Booktitle = {Beyond Databases, Architectures and Structures},
	Pages = {473--482},
	Publisher = {Springer},
	Title = {Supporting Code Review by Automatic Detection of Potentially Buggy Changes},
	Year = {2015}}

@inproceedings{asaduzzaman2012bug,
	Author = {Asaduzzaman, Muhammad and Bullock, Michael C and Roy, Chanchal K and Schneider, Kevin A},
	Booktitle = {Proceedings of the 9th IEEE Working Conference on Mining Software Repositories},
	Organization = {IEEE Press},
	Pages = {116--119},
	Title = {Bug introducing changes: A case study with Android},
	Year = {2012}}

@article{lerner1994software,
	Author = {Lerner, Moisey},
	Journal = {Software Development},
	Number = {8},
	Pages = {65--72},
	Title = {Software maintenance crisis resolution: The new IEEE standard},
	Volume = {2},
	Year = {1994}}

@inproceedings{le2016architectural,
	Author = {Le, Duc},
	Booktitle = {Software Engineering Companion (ICSE-C), IEEE/ACM International Conference on},
	Organization = {IEEE},
	Pages = {807--810},
	Title = {Architectural-based speculative analysis to predict bugs in a software system},
	Year = {2016}}

@inproceedings{latoza2006maintaining,
	Author = {LaToza, Thomas D and Venolia, Gina and DeLine, Robert},
	Booktitle = {Proceedings of the 28th international conference on Software engineering},
	Organization = {ACM},
	Pages = {492--501},
	Title = {Maintaining mental models: a study of developer work habits},
	Year = {2006}}

@article{german2009change,
	Author = {German, Daniel M and Hassan, Ahmed E and Robles, Gregorio},
	Journal = {Information and Software Technology},
	Number = {10},
	Pages = {1394--1408},
	Publisher = {Elsevier},
	Title = {Change impact graphs: Determining the impact of prior codechanges},
	Volume = {51},
	Year = {2009}}

@article{duraes2006emulation,
	Author = {Duraes, Joao A and Madeira, Henrique S},
	Journal = {IEEE Transactions on Software Engineering},
	Number = {11},
	Publisher = {IEEE},
	Title = {Emulation of software faults: A field data study and a practical approach},
	Volume = {32},
	Year = {2006}}

@inproceedings{bird2009promises,
	Author = {Bird, Christian and Rigby, Peter C and Barr, Earl T and Hamilton, David J and German, Daniel M and Devanbu, Prem},
	Booktitle = {Mining Software Repositories, 2009. MSR'09. 6th IEEE International Working Conference on},
	Organization = {IEEE},
	Pages = {1--10},
	Title = {The promises and perils of mining git},
	Year = {2009}}

@inproceedings{staats2011programs,
	Author = {Staats, Matt and Whalen, Michael W and Heimdahl, Mats PE},
	Booktitle = {Proceedings of the 33rd international conference on software engineering},
	Organization = {ACM},
	Pages = {391--400},
	Title = {Programs, tests, and oracles: the foundations of testing revisited},
	Year = {2011}}

@inproceedings{bowes2017good,
	Author = {Bowes, David and Hall, Tracy and Petri{\'c}, Jean and Shippey, Thomas and Turhan, Burak},
	Booktitle = {Proceedings of the 8th Workshop on Emerging Trends in Software Metrics},
	Organization = {IEEE Press},
	Pages = {9--14},
	Title = {How good are my tests?},
	Year = {2017}}

@article{israeli2010linux,
	Author = {Israeli, Ayelet and Feitelson, Dror G},
	Journal = {Journal of Systems and Software},
	Number = {3},
	Pages = {485--501},
	Publisher = {Elsevier},
	Title = {The Linux kernel as a case study in software evolution},
	Volume = {83},
	Year = {2010}}

@article{davies2014comparing,
	Author = {Davies, Steven and Roper, Marc and Wood, Murray},
	Journal = {Journal of Software: Evolution and Process},
	Number = {1},
	Pages = {107--139},
	Publisher = {Wiley Online Library},
	Title = {Comparing text-based and dependence-based approaches for determining the origins of bugs},
	Volume = {26},
	Year = {2014}}

@inproceedings{bird2009fair,
	Author = {Bird, Christian and Bachmann, Adrian and Aune, Eirik and Duffy, John and Bernstein, Abraham and Filkov, Vladimir and Devanbu, Premkumar},
	Booktitle = {Proceedings of the the 7th joint meeting of the European software engineering conference and the ACM SIGSOFT symposium on The foundations of software engineering},
	Organization = {ACM},
	Pages = {121--130},
	Title = {Fair and balanced?: bias in bug-fix datasets},
	Year = {2009}}

@inproceedings{bissyande2013empirical,
	Author = {Bissyande, Tegawende F and Thung, Ferdian and Wang, Shaowei and Lo, David and Jiang, Lingxiao and Reveillere, Laurent},
	Booktitle = {Software Maintenance and Reengineering (CSMR), 2013 17th European Conference on},
	Organization = {IEEE},
	Pages = {89--98},
	Title = {Empirical evaluation of bug linking},
	Year = {2013}}

@inproceedings{gousios2013ghtorent,
	Author = {Gousios, Georgios},
	Booktitle = {Proceedings of the 10th Working Conference on Mining Software Repositories},
	Organization = {IEEE Press},
	Pages = {233--236},
	Title = {The GHTorent dataset and tool suite},
	Year = {2013}}

@inproceedings{robles2010replicating,
	Author = {Robles, Gregorio},
	Booktitle = {Mining Software Repositories (MSR), 2010 7th IEEE Working Conference on},
	Organization = {IEEE},
	Pages = {171--180},
	Title = {Replicating {MSR}: {A} study of the potential replicability of papers published in the {M}ining {S}oftware {R}epositories proceedings},
	Year = {2010}}

@inproceedings{antoniol2008bug,
	Author = {Antoniol, Giuliano and Ayari, Kamel and Di Penta, Massimiliano and Khomh, Foutse and Gu{\'e}h{\'e}neuc, Yann-Ga{\"e}l},
	Booktitle = {Proceedings of the 2008 conference of the center for advanced studies on collaborative research: meeting of minds},
	Organization = {ACM},
	Pages = {23},
	Title = {Is it a bug or an enhancement?: a text-based approach to classify change requests},
	Year = {2008}}

@inproceedings{kim2006long,
	Author = {Kim, Sunghun and Whitehead Jr, E James},
	Booktitle = {Proceedings of the 2006 international workshop on Mining software repositories},
	Organization = {ACM},
	Pages = {173--174},
	Title = {How long did it take to fix bugs?},
	Year = {2006}}

@inproceedings{weiss2007long,
  title={How long will it take to fix this bug?},
  author={Weiss, Cathrin and Premraj, Rahul and Zimmermann, Thomas and Zeller, Andreas},
  booktitle={Mining Software Repositories, 2007. ICSE Workshops MSR'07. Fourth International Workshop on},
  pages={1--1},
  year={2007},
  organization={IEEE}
}
@inproceedings{da2014unveiling,
  title={Unveiling developers contributions behind code commits: An exploratory study},
  author={da Costa, Daniel Alencar and Kulesza, Uir{\'a} and Aranha, Eduardo and Coelho, Roberta},
  booktitle={Proceedings of the 29th Annual ACM Symposium on Applied Computing},
  pages={1152--1157},
  year={2014},
  organization={ACM}
}
@inproceedings{hassan2009predicting,
  title={Predicting faults using the complexity of code changes},
  author={Hassan, Ahmed E},
  booktitle={Software Engineering, 2009. ICSE 2009. IEEE 31st International Conference on},
  pages={78--88},
  year={2009},
  organization={IEEE}
}
@article{zhivich2009real,
  title={The real cost of software errors},
  author={Zhivich, Michael and Cunningham, Robert K},
  journal={IEEE Security \& Privacy},
  volume={7},
  number={2},
  year={2009},
  publisher={IEEE}
}
@inproceedings{hassan2005top,
  title={The top ten list: Dynamic fault prediction},
  author={Hassan, Ahmed E and Holt, Richard C},
  booktitle={Software Maintenance, 2005. ICSM'05. Proceedings of the 21st IEEE International Conference on},
  pages={263--272},
  year={2005},
  organization={IEEE}
}
@inproceedings{ell2013identifying,
  title={Identifying failure inducing developer pairs within developer networks},
  author={Ell, Jordan},
  booktitle={Proceedings of the 2013 International Conference on Software Engineering},
  pages={1471--1473},
  year={2013},
  organisation={IEEE Press}
}
@inproceedings{rodriguez2017much,
	Author = {Rodriguez-Perez, Gema and Robles, Gregorio and Gonzalez-Barahona, Jesus M},
	Booktitle = {Proceedings of the 8th Workshop on Emerging Trends in Software Metrics},
	Organization = {IEEE Press},
	Pages = {29--35},
	Title = {How much time did it take to notify a bug?: two case studies: elasticsearch and nova},
	Year = {2017}}

@inproceedings{bernardi2012developers,
	Author = {Bernardi, Mario Luca and Canfora, Gerardo and Di Lucca, Giuseppe A and Di Penta, Massimiliano and Distante, Damiano},
	Booktitle = {Software Maintenance and Reengineering (CSMR), 2012 16th European Conference on},
	Organization = {IEEE},
	Pages = {139--148},
	Title = {Do developers introduce bugs when they do not communicate? the case of eclipse and mozilla},
	Year = {2012}}

@article{kamei2013large,
	Author = {Kamei, Yasutaka and Shihab, Emad and Adams, Bram and Hassan, Ahmed E and Mockus, Audris and Sinha, Anand and Ubayashi, Naoyasu},
	Journal = {IEEE Transactions on Software Engineering},
	Number = {6},
	Pages = {757--773},
	Publisher = {IEEE},
	Title = {A large-scale empirical study of just-in-time quality assurance},
	Volume = {39},
	Year = {2013}}

@inproceedings{ness1997regression,
	Author = {Ness, Brian and Ngo, Viet},
	Booktitle = {Computer Software and Applications Conference, 1997. COMPSAC'97. Proceedings., The Twenty-First Annual International},
	Organization = {IEEE},
	Pages = {616--621},
	Title = {Regression containment through source change isolation},
	Year = {1997}}

@inproceedings{zeller1999yesterday,
	Author = {Zeller, Andreas},
	Booktitle = {ACM SIGSOFT Software engineering notes},
	Organization = {Springer-Verlag},
	Pages = {253--267},
	Title = {Yesterday, my program worked. Today, it does not. Why?},
	Year = {1999}}

@inproceedings{purushothaman2004towards,
	Author = {Purushothaman, Ranjith and Perry, Dewayne E},
	Booktitle = {International Workshop on Mining Software Repositories (MSR 2004), International Conference on Software Engineering},
	Organization = {IET},
	Pages = {90--94},
	Title = {Towards understanding the rhetoric of small changes-extended abstract},
	Year = {2004}}

@inproceedings{baker1994visualizing,
	Author = {Baker, Marla J and Eick, Stephen G},
	Booktitle = {Proceedings of the 16th international conference on Software engineering},
	Organization = {IEEE Computer Society Press},
	Pages = {59--67},
	Title = {Visualizing software systems},
	Year = {1994}}

@inproceedings{kim2006memories,
	Author = {Kim, Sunghun and Pan, Kai and Whitehead Jr, EE},
	Booktitle = {Proceedings of the 14th ACM SIGSOFT international symposium on Foundations of software engineering},
	Organization = {ACM},
	Pages = {35--45},
	Title = {Memories of bug fixes},
	Year = {2006}}

@inproceedings{mockus2000identifying,
	Author = {Mockus, Audris and Votta, Lawrence G},
	Booktitle = {icsm},
	Pages = {120--130},
	Title = {Identifying Reasons for Software Changes using Historic Databases.},
	Year = {2000}}

@inproceedings{fischer2003analyzing,
	Author = {Fischer, Michael and Pinzger, Martin and Gall, Harald},
	Booktitle = {WCRE},
	Pages = {90},
	Title = {Analyzing and relating bug report data for feature tracking},
	Volume = {3},
	Year = {2003}}

@inproceedings{fischer2003populating,
	Author = {Fischer, Michael and Pinzger, Martin and Gall, Harald},
	Booktitle = {Software Maintenance, 2003. ICSM 2003. Proceedings. International Conference on},
	Organization = {IEEE},
	Pages = {23--32},
	Title = {Populating a release history database from version control and bug tracking systems},
	Year = {2003}}

@article{gonzalez2012reproducibility,
	Author = {Gonz{\'a}lez-Barahona, Jes{\'u}s M and Robles, Gregorio},
	Journal = {Empirical Software Engineering},
	Number = {1-2},
	Pages = {75--89},
	Publisher = {Springer},
	Title = {On the reproducibility of empirical software engineering studies based on data retrieved from development repositories},
	Volume = {17},
	Year = {2012}}

@article{piwowar2007sharing,
	Author = {Piwowar, Heather A and Day, Roger S and Fridsma, Douglas B},
	Journal = {PloS one},
	Number = {3},
	Pages = {e308},
	Publisher = {Public Library of Science},
	Title = {Sharing detailed research data is associated with increased citation rate},
	Volume = {2},
	Year = {2007}}

@inproceedings{juristo2009using,
	Author = {Juristo, Natalia and Vegas, Sira},
	Booktitle = {Proceedings of the 2009 3rd International Symposium on Empirical Software Engineering and Measurement},
	Organization = {IEEE Computer Society},
	Pages = {356--366},
	Title = {Using differences among replications of software engineering experiments to gain knowledge},
	Year = {2009}}

@inproceedings{sinha2010buginnings,
	Author = {Sinha, Vibha Singhal and Sinha, Saurabh and Rao, Swathi},
	Booktitle = {Proceedings of the 3rd India software engineering conference},
	Organization = {ACM},
	Pages = {3--12},
	Title = {BUGINNINGS: identifying the origins of a bug},
	Year = {2010}}

@inproceedings{yang2014bug,
	Author = {Yang, Haoyu and Wang, Chen and Shi, Qingkai and Feng, Yang and Chen, Zhenyu},
	Booktitle = {SEKE},
	Pages = {620--625},
	Title = {Bug Inducing Analysis to Prevent Fault Prone Bug Fixes.},
	Year = {2014}}

@inproceedings{abreu2007accuracy,
	Author = {Abreu, Rui and Zoeteweij, Peter and Van Gemund, Arjan JC},
	Booktitle = {Testing: Academic and Industrial Conference Practice and Research Techniques-MUTATION, 2007. TAICPART-MUTATION 2007},
	Organization = {IEEE},
	Pages = {89--98},
	Title = {On the accuracy of spectrum-based fault localization},
	Year = {2007}}

@incollection{reps,
	Author = {Reps, Thomas and Ball, Thomas and Das, Manuvir and Larus, James},
	Booktitle = {Software Engineering-Esec/Fse 1997},
	Pages = {432--449},
	Publisher = {Springer},
	Title = {The use of program profiling for software maintenance with applications to the year 2000 problem},
	Year = {1997}}

@inproceedings{gupta2005locating,
	Author = {Gupta, Neelam and He, Haifeng and Zhang, Xiangyu and Gupta, Rajiv},
	Booktitle = {Proceedings of the 20th IEEE/ACM international Conference on Automated software engineering},
	Organization = {ACM},
	Pages = {263--272},
	Title = {Locating faulty code using failure-inducing chops},
	Year = {2005}}

@article{zeller2002simplifying,
	Author = {Zeller, Andreas and Hildebrandt, Ralf},
	Journal = {IEEE Transactions on Software Engineering},
	Number = {2},
	Pages = {183--200},
	Publisher = {IEEE},
	Title = {Simplifying and isolating failure-inducing input},
	Volume = {28},
	Year = {2002}}

@inproceedings{cleve2005locating,
	Author = {Cleve, Holger and Zeller, Andreas},
	Booktitle = {Software Engineering, 2005. ICSE 2005. Proceedings. 27th International Conference on},
	Organization = {IEEE},
	Pages = {342--351},
	Title = {Locating causes of program failures},
	Year = {2005}}

@inproceedings{renieres2003fault,
	Author = {Renieres, Manos and Reiss, Steven P},
	Booktitle = {Automated Software Engineering, 2003. Proceedings. 18th IEEE International Conference on},
	Organization = {IEEE},
	Pages = {30--39},
	Title = {Fault localization with nearest neighbor queries},
	Year = {2003}}

@inproceedings{thung2014buglocalizer,
	Author = {Thung, Ferdian and Le, Tien-Duy B and Kochhar, Pavneet Singh and Lo, David},
	Booktitle = {Proceedings of the 22nd ACM SIGSOFT International Symposium on Foundations of Software Engineering},
	Organization = {ACM},
	Pages = {767--770},
	Title = {BugLocalizer: integrated tool support for bug localization},
	Year = {2014}}

@inproceedings{zhang2014towards,
	Author = {Zhang, Feng and Mockus, Audris and Keivanloo, Iman and Zou, Ying},
	Booktitle = {Proceedings of the 11th Working Conference on Mining Software Repositories},
	Organization = {ACM},
	Pages = {182--191},
	Title = {Towards building a universal defect prediction model},
	Year = {2014}}

@inproceedings{jiang2013personalized,
	Author = {Jiang, Tian and Tan, Lin and Kim, Sunghun},
	Booktitle = {Proceedings of the 28th IEEE/ACM International Conference on Automated Software Engineering},
	Organization = {IEEE Press},
	Pages = {279--289},
	Title = {Personalized defect prediction},
	Year = {2013}}

@inproceedings{hata2012bug,
	Author = {Hata, Hideaki and Mizuno, Osamu and Kikuno, Tohru},
	Booktitle = {Software Engineering (ICSE), 2012 34th International Conference on},
	Organization = {IEEE},
	Pages = {200--210},
	Title = {Bug prediction based on fine-grained module histories},
	Year = {2012}}

@inproceedings{kim2007predicting,
	Author = {Kim, Sunghun and Zimmermann, Thomas and Whitehead Jr, E James and Zeller, Andreas},
	Booktitle = {Proceedings of the 29th international conference on Software Engineering},
	Organization = {IEEE Computer Society},
	Pages = {489--498},
	Title = {Predicting faults from cached history},
	Year = {2007}}

@inproceedings{rosen2015commit,
	Author = {Rosen, Christoffer and Grawi, Ben and Shihab, Emad},
	Booktitle = {Proceedings of the 2015 10th Joint Meeting on Foundations of Software Engineering},
	Organization = {ACM},
	Pages = {966--969},
	Title = {Commit guru: analytics and risk prediction of software commits},
	Year = {2015}}

@inproceedings{pan2006bug,
	Author = {Pan, Kai and Kim, Sunghun and Whitehead Jr, E James},
	Booktitle = {Source Code Analysis and Manipulation, 2006. SCAM'06. Sixth IEEE International Workshop on},
	Organization = {IEEE},
	Pages = {31--42},
	Title = {Bug classification using program slicing metrics},
	Year = {2006}}

@article{thomas2013impact,
	Author = {Thomas, Stephen W and Nagappan, Meiyappan and Blostein, Dorothea and Hassan, Ahmed E},
	Journal = {IEEE Transactions on Software Engineering},
	Number = {10},
	Pages = {1427--1443},
	Publisher = {IEEE},
	Title = {The impact of classifier configuration and classifier combination on bug localization},
	Volume = {39},
	Year = {2013}}

@inproceedings{ferzund2009software,
	Author = {Ferzund, Javed and Ahsan, Syed Nadeem and Wotawa, Franz},
	Booktitle = {Software Maintenance, 2009. ICSM 2009. IEEE International Conference on},
	Organization = {IEEE},
	Pages = {471--474},
	Title = {Software change classification using hunk metrics},
	Year = {2009}}

@inproceedings{kim2007warnings,
	Author = {Kim, Sunghun and Ernst, Michael D},
	Booktitle = {Proceedings of the the 6th joint meeting of the European software engineering conference and the ACM SIGSOFT symposium on The foundations of software engineering},
	Organization = {ACM},
	Pages = {45--54},
	Title = {Which warnings should i fix first?},
	Year = {2007}}

@inproceedings{rahman2011ownership,
	Author = {Rahman, Foyzur and Devanbu, Premkumar},
	Booktitle = {Proceedings of the 33rd International Conference on Software Engineering},
	Organization = {ACM},
	Pages = {491--500},
	Title = {Ownership, experience and defects: a fine-grained study of authorship},
	Year = {2011}}

@inproceedings{posnett2013dual,
	Author = {Posnett, Daryl and D'Souza, Raissa and Devanbu, Premkumar and Filkov, Vladimir},
	Booktitle = {Software Engineering (ICSE), 2013 35th International Conference on},
	Organization = {IEEE},
	Pages = {452--461},
	Title = {Dual ecological measures of focus in software development},
	Year = {2013}}

@inproceedings{wen2016locus,
	Author = {Wen, Ming and Wu, Rongxin and Cheung, Shing-Chi},
	Booktitle = {Automated Software Engineering (ASE), 2016 31st IEEE/ACM International Conference on},
	Organization = {IEEE},
	Pages = {262--273},
	Title = {Locus: Locating bugs from software changes},
	Year = {2016}}
@inproceedings{jongyindee2011good,
  title={Good or bad committers? a case study of committers' cautiousness and the consequences on the bug fixing process in the Eclipse project},
  author={Jongyindee, Anakorn and Ohira, Masao and Ihara, Akinori and Matsumoto, Ken-ichi},
  booktitle={Software Measurement, 2011 Joint Conference of the 21st Int'l Workshop on and 6th Int'l Conference on Software Process and Product Measurement (IWSM-MENSURA)},
  pages={116--125},
  year={2011},
  organization={IEEE}
}
@inproceedings{abreu2009developer,
  title={How developer communication frequency relates to bug introducing changes},
  author={Abreu, Roberto and Premraj, Rahul},
  booktitle={Proceedings of the joint international and annual ERCIM workshops on Principles of software evolution (IWPSE) and software evolution (Evol) workshops},
  pages={153--158},
  year={2009},
  organization={ACM}
}
@inproceedings{nguyen2013reliability,
	Author = {Nguyen, Viet Hung and Massacci, Fabio},
	Booktitle = {Proceedings of the 8th ACM SIGSAC symposium on Information, computer and communications security},
	Organization = {ACM},
	Pages = {493--498},
	Title = {The (un) reliability of NVD vulnerable versions data: An empirical experiment on Google Chrome vulnerabilities},
	Year = {2013}}

@inproceedings{bavota2012does,
	Author = {Bavota, Gabriele and De Carluccio, Bernardino and De Lucia, Andrea and Di Penta, Massimiliano and Oliveto, Rocco and Strollo, Orazio},
	Booktitle = {Source Code Analysis and Manipulation (SCAM), 2012 IEEE 12th International Working Conference on},
	Organization = {IEEE},
	Pages = {104--113},
	Title = {When does a refactoring induce bugs? an empirical study},
	Year = {2012}}

@inproceedings{fukushima2014empirical,
	Author = {Fukushima, Takafumi and Kamei, Yasutaka and McIntosh, Shane and Yamashita, Kazuhiro and Ubayashi, Naoyasu},
	Booktitle = {Proceedings of the 11th Working Conference on Mining Software Repositories},
	Organization = {ACM},
	Pages = {172--181},
	Title = {An empirical study of just-in-time defect prediction using cross-project models},
	Year = {2014}}

@article{harris2010transactional,
	Author = {Harris, Tim and Larus, James and Rajwar, Ravi},
	Journal = {Synthesis Lectures on Computer Architecture},
	Number = {1},
	Pages = {1--263},
	Publisher = {Morgan \& Claypool Publishers},
	Title = {Transactional memory},
	Volume = {5},
	Year = {2010}}

@inproceedings{rao2011retrieval,
	Author = {Rao, Shivani and Kak, Avinash},
	Booktitle = {Proceedings of the 8th Working Conference on Mining Software Repositories},
	Organization = {ACM},
	Pages = {43--52},
	Title = {Retrieval from software libraries for bug localization: a comparative study of generic and composite text models},
	Year = {2011}}

@inproceedings{thung2012extent,
	Author = {Thung, Ferdian and Lo, David and Jiang, Lingxiao and Rahman, Foyzur and Devanbu, Premkumar T and others},
	Booktitle = {Proceedings of the 27th IEEE/ACM International Conference on Automated Software Engineering},
	Organization = {ACM},
	Pages = {50--59},
	Title = {To what extent could we detect field defects? an empirical study of false negatives in static bug finding tools},
	Year = {2012}}

@misc{Kitchenham07guidelinesfor,
	Author = {B. Kitchenham and S Charters},
	Title = {Guidelines for performing Systematic Literature Reviews in Software Engineering},
	Year = {2007}}

@article{basili1999building,
	Author = {Basili, Victor R and Shull, Forrest and Lanubile, Filippo},
	Journal = {IEEE Transactions on Software Engineering},
	Number = {4},
	Pages = {456--473},
	Publisher = {IEEE},
	Title = {Building knowledge through families of experiments},
	Volume = {25},
	Year = {1999}}
@inproceedings{perry2000empirical,
  title={Empirical studies of software engineering: a roadmap},
  author={Perry, Dewayne E and Porter, Adam A and Votta, Lawrence G},
  booktitle={Proceedings of the conference on The future of Software engineering},
  pages={345--355},
  year={2000},
  organization={ACM},
  note = {(F,1)}
}
@book{clarke2000cochrane,
  title={Cochrane reviewers' handbook},
  author={Clarke, Mike and Oxman, Andy},
  year={2000},
  publisher={Update Software}
}
@article{rosenthal2001meta,
  title={Meta-analysis: Recent developments in quantitative methods for literature reviews},
  author={Rosenthal, Robert and DiMatteo, M Robin},
  journal={Annual review of psychology},
  volume={52},
  number={1},
  pages={59--82},
  year={2001},
  publisher={Annual Reviews 4139 El Camino Way, PO Box 10139, Palo Alto, CA 94303-0139, USA}
}
@article{cruzes2011research,
  title={Research synthesis in software engineering: A tertiary study},
  author={Cruzes, Daniela S and Dyb{\aa}, Tore},
  journal={Information and Software Technology},
  volume={53},
  number={5},
  pages={440--455},
  year={2011},
  publisher={Elsevier}
}
@incollection{amann2015software,
	Author = {Amann, Sven and Beyer, Stefanie and Kevic, Katja and Gall, Harald},
	Booktitle = {Software Engineering},
	Pages = {121--158},
	Publisher = {Springer},
	Title = {Software Mining Studies: Goals, Approaches, Artifacts, and Replicability},
	Year = {2015}}

@article{rahman2012clones,
	Author = {Rahman, Foyzur and Bird, Christian and Devanbu, Premkumar},
	Journal = {Empirical Software Engineering},
	Number = {4-5},
	Pages = {503--530},
	Publisher = {Springer},
	Title = {Clones: What is that smell?},
	Volume = {17},
	Year = {2012}}

@book{kan2002metrics,
	Author = {Kan, Stephen H},
	Publisher = {Addison-Wesley Longman Publishing Co., Inc.},
	Title = {Metrics and models in software quality engineering},
	Year = {2002}}

@article{madeyski2017would,
	Author = {Madeyski, Lech and Kitchenham, Barbara},
	Journal = {Journal of Intelligent \& Fuzzy Systems},
	Number = {2},
	Pages = {1509--1521},
	Publisher = {IOS Press},
	Title = {Would wider adoption of reproducible research be beneficial for empirical software engineering research?},
	Volume = {32},
	Year = {2017}}

@book{charmaz2014constructing,
	Author = {Charmaz, Kathy},
	Publisher = {Sage},
	Title = {Constructing grounded theory},
	Year = {2014}}

@article{warrens2010inequalities,
	Author = {Warrens, Matthijs J},
	Journal = {Advances in data analysis and classification},
	Number = {4},
	Pages = {271--286},
	Publisher = {Springer},
	Title = {Inequalities between multi-rater kappas},
	Volume = {4},
	Year = {2010}}

@article{rodriguez2018reproducibility,
	Author = {Rodr{\'\i}guez-P{\'e}rez, Gema and Robles, Gregorio and Gonz{\'a}lez-Barahona, Jes{\'u}s M},
	Journal = {Information and Software Technology},
	Publisher = {Elsevier},
	Title = {Reproducibility and Credibility in Empirical Software Engineering: A Case Study based on a Systematic Literature Review of the use of the SZZ algorithm},
	Year = {2018}}

@phdthesis{shippey2015exploiting,
	Author = {Shippey, Thomas Joshua},
	School = {University of Hertfordshire},
	Title = {Exploiting Abstract Syntax Trees to Locate Software Defects},
	Year = {2015}}

@inproceedings{wehaibi2016examining,
	Author = {Wehaibi, Sultan and Shihab, Emad and Guerrouj, Latifa},
	Booktitle = {Software Analysis, Evolution, and Reengineering (SANER), 2016 IEEE 23rd International Conference on},
	Organization = {IEEE},
	Pages = {179--188},
	Title = {Examining the impact of self-admitted technical debt on software quality},
	Volume = {1},
	Year = {2016}}

@inproceedings{chen2014empirical,
	Author = {Chen, Tse-Hsun and Nagappan, Meiyappan and Shihab, Emad and Hassan, Ahmed E},
	Booktitle = {Proceedings of the 11th Working Conference on Mining Software Repositories},
	Organization = {ACM},
	Pages = {82--91},
	Title = {An empirical study of dormant bugs},
	Year = {2014}}

@inproceedings{herzig2013impact,
	Author = {Herzig, Kim and Zeller, Andreas},
	Booktitle = {Proceedings of the 10th Working Conference on Mining Software Repositories},
	Organization = {IEEE Press},
	Pages = {121--130},
	Title = {The impact of tangled code changes},
	Year = {2013}}

@inproceedings{servant2017fuzzy,
	Author = {Servant, Francisco and Jones, James A},
	Booktitle = {Proceedings of the 39th International Conference on Software Engineering},
	Organization = {IEEE Press},
	Pages = {746--757},
	Title = {Fuzzy fine-grained code-history analysis},
	Year = {2017}}

@inproceedings{chou2001empirical,
	Author = {Chou, Andy and Yang, Junfeng and Chelf, Benjamin and Hallem, Seth and Engler, Dawson},
	Booktitle = {ACM SIGOPS Operating Systems Review},
	Organization = {ACM},
	Pages = {73--88},
	Title = {An empirical study of operating systems errors},
	Year = {2001}}

@inproceedings{gu2003characterization,
	Author = {Gu, Weining and Kalbarczyk, Zbigniew and Iyer, K and Yang, Zhenyu and others},
	Booktitle = {Dependable Systems and Networks, 2003. Proceedings. 2003 International Conference on},
	Organization = {IEEE},
	Pages = {459--468},
	Title = {Characterization of linux kernel behavior under errors},
	Year = {2003}}

@article{ostrand1984collecting,
	Author = {Ostrand, Thomas J and Weyuker, Elaine J},
	Journal = {Journal of Systems and Software},
	Number = {4},
	Pages = {289--300},
	Publisher = {Elsevier},
	Title = {Collecting and categorizing software error data in an industrial environment},
	Volume = {4},
	Year = {1984}}

@inproceedings{ostrand2002distribution,
	Author = {Ostrand, Thomas J and Weyuker, Elaine J},
	Booktitle = {ACM SIGSOFT Software Engineering Notes},
	Organization = {ACM},
	Pages = {55--64},
	Title = {The distribution of faults in a large industrial software system},
	Year = {2002}}

@inproceedings{podgurski2003automated,
	Author = {Podgurski, Andy and Leon, David and Francis, Patrick and Masri, Wes and Minch, Melinda and Sun, Jiayang and Wang, Bin},
	Booktitle = {Software Engineering, 2003. Proceedings. 25th International Conference on},
	Organization = {IEEE},
	Pages = {465--475},
	Title = {Automated support for classifying software failure reports},
	Year = {2003}}

@inproceedings{sullivan1992comparison,
	Author = {Sullivan, Mark and Chillarege, Ram},
	Booktitle = {FTCS},
	Pages = {475--484},
	Title = {A Comparison of Software Defects in Database Management Systems and Operating Systems.},
	Year = {1992}}

@inproceedings{li2006have,
	Author = {Li, Zhenmin and Tan, Lin and Wang, Xuanhui and Lu, Shan and Zhou, Yuanyuan and Zhai, Chengxiang},
	Booktitle = {Proceedings of the 1st workshop on Architectural and system support for improving software dependability},
	Organization = {ACM},
	Pages = {25--33},
	Title = {Have things changed now?: an empirical study of bug characteristics in modern open source software},
	Year = {2006}}

@inproceedings{lu2005bugbench,
	Author = {Lu, Shan and Li, Zhenmin and Qin, Feng and Tan, Lin and Zhou, Pin and Zhou, Yuanyuan},
	Booktitle = {Workshop on the evaluation of software defect detection tools},
	Title = {Bugbench: Benchmarks for evaluating bug detection tools},
	Volume = {5},
	Year = {2005}}

@book{beizer2003software,
	Author = {Beizer, Boris},
	Publisher = {Dreamtech Press},
	Title = {Software testing techniques},
	Year = {2003}}

@book{sommerville2010software,
	Author = {Sommerville, Ian},
	Publisher = {New York: Addison-Wesley},
	Title = {Software engineering},
	Year = {2010}}

@inproceedings{kagdi2008can,
	Author = {Kagdi, Huzefa and Hammad, Maen and Maletic, Jonathan I},
	Booktitle = {Software Maintenance, 2008. ICSM 2008. IEEE International Conference on},
	Organization = {IEEE},
	Pages = {157--166},
	Title = {Who can help me with this source code change?},
	Year = {2008}}

@inproceedings{anvik2006should,
	Author = {Anvik, John and Hiew, Lyndon and Murphy, Gail C},
	Booktitle = {Proceedings of the 28th international conference on Software engineering},
	Organization = {ACM},
	Pages = {361--370},
	Title = {Who should fix this bug?},
	Year = {2006}}

@inproceedings{guo2010characterizing,
	Author = {Guo, Philip J and Zimmermann, Thomas and Nagappan, Nachiappan and Murphy, Brendan},
	Booktitle = {Software Engineering, 2010 ACM/IEEE 32nd International Conference on},
	Organization = {IEEE},
	Pages = {495--504},
	Title = {Characterizing and predicting which bugs get fixed: an empirical study of Microsoft Windows},
	Volume = {1},
	Year = {2010}}

@inproceedings{ciancarini2016model,
	Author = {Ciancarini, Paolo and Sillitti, Alberto},
	Booktitle = {28th International Conference on Software Engineering and Knowledge Engineering (SEKE 2016), Redwood City, San Francisco Bay, CA, USA},
	Pages = {1--3},
	Title = {A Model for Predicting Bug Fixes in Open Source Operating Systems: an Empirical Study},
	Year = {2016}}

@inproceedings{zhang2013predicting,
	Author = {Zhang, Hongyu and Gong, Liang and Versteeg, Steve},
	Booktitle = {Proceedings of the 2013 international conference on software engineering},
	Organization = {IEEE Press},
	Pages = {1042--1051},
	Title = {Predicting bug-fixing time: an empirical study of commercial software projects},
	Year = {2013}}

@inproceedings{baysal2009bug,
	Author = {Baysal, Olga and Godfrey, Michael W and Cohen, Robin},
	Booktitle = {Program Comprehension, 2009. ICPC'09. IEEE 17th International Conference on},
	Organization = {IEEE},
	Pages = {297--298},
	Title = {A bug you like: A framework for automated assignment of bugs},
	Year = {2009}}

@article{el2017tweets,
	Author = {El Mezouar, Mariam and Zhang, Feng and Zou, Ying},
	Journal = {Empirical Software Engineering},
	Pages = {1--39},
	Publisher = {Springer},
	Title = {Are tweets useful in the bug fixing process? An empirical study on Firefox and Chrome},
	Year = {2017}}

@inproceedings{chandra2000whither,
	Author = {Chandra, Subhachandra and Chen, Peter M},
	Booktitle = {Dependable Systems and Networks, 2000. DSN 2000. Proceedings International Conference on},
	Organization = {IEEE},
	Pages = {97--106},
	Title = {Whither generic recovery from application faults? A fault study using open-source software},
	Year = {2000}}

@inproceedings{sahoo2010empirical,
	Author = {Sahoo, Swarup Kumar and Criswell, John and Adve, Vikram},
	Booktitle = {Software Engineering, 2010 ACM/IEEE 32nd International Conference on},
	Organization = {IEEE},
	Pages = {485--494},
	Title = {An empirical study of reported bugs in server software with implications for automated bug diagnosis},
	Volume = {1},
	Year = {2010}}

@inproceedings{vahabzadeh2015empirical,
	Author = {Vahabzadeh, Arash and Fard, Amin Milani and Mesbah, Ali},
	Booktitle = {Software Maintenance and Evolution (ICSME), 2015 IEEE International Conference on},
	Organization = {IEEE},
	Pages = {101--110},
	Title = {An empirical study of bugs in test code},
	Year = {2015}}

@inproceedings{wan2017bug,
	Author = {Wan, Zhiyuan and Lo, David and Xia, Xin and Cai, Liang},
	Booktitle = {Mining Software Repositories (MSR), 2017 IEEE/ACM 14th International Conference on},
	Organization = {IEEE},
	Pages = {413--424},
	Title = {Bug characteristics in blockchain systems: a large-scale empirical study},
	Year = {2017}}

@inproceedings{jeffrey2008identifying,
	Author = {Jeffrey, Dennis and Gupta, Neelam and Gupta, Rajiv},
	Booktitle = {Software Maintenance, 2008. ICSM 2008. IEEE International Conference on},
	Organization = {IEEE},
	Pages = {356--365},
	Title = {Identifying the root causes of memory bugs using corrupted memory location suppression},
	Year = {2008}}

@inproceedings{thung2013automatic,
	Author = {Thung, Ferdian and Lo, David and Jiang, Lingxiao},
	Booktitle = {Reverse Engineering (WCRE), 2013 20th Working Conference on},
	Organization = {IEEE},
	Pages = {92--101},
	Title = {Automatic recovery of root causes from bug-fixing changes},
	Year = {2013}}

@inproceedings{kawrykow2011non,
	Author = {Kawrykow, David and Robillard, Martin P},
	Booktitle = {Proceedings of the 33rd International Conference on Software Engineering},
	Organization = {ACM},
	Pages = {351--360},
	Title = {Non-essential changes in version histories},
	Year = {2011}}

@inproceedings{neto2018impact,
	Author = {Neto, Edmilson Campos and da Costa, Daniel Alencar and Kulesza, Uir{\'a}},
	Booktitle = {2018 IEEE 25th International Conference on Software Analysis, Evolution and Reengineering (SANER)},
	Organization = {IEEE},
	Pages = {380--390},
	Title = {The Impact of Refactoring Changes on the SZZ Algorithm: An Empirical Study},
	Year = {2018}}

@inproceedings{youm2015bug,
	Author = {Youm, Klaus Changsun and Ahn, June and Kim, Jeongho and Lee, Eunseok},
	Booktitle = {Software Engineering Conference (APSEC), 2015 Asia-Pacific},
	Organization = {IEEE},
	Pages = {190--197},
	Title = {Bug localization based on code change histories and bug reports},
	Year = {2015}}

@book{horwitz1990identifying,
	Author = {Horwitz, Susan},
	Publisher = {ACM},
	Title = {Identifying the semantic and textual differences between two versions of a program},
	Year = {1990}}

@inproceedings{binkley1992using,
	Author = {Binkley, David},
	Booktitle = {Software Maintenance, 1992. Proceerdings., Conference on},
	Organization = {IEEE},
	Pages = {41--50},
	Title = {Using semantic differencing to reduce the cost of regression testing},
	Year = {1992}}

@inproceedings{sliwerski2005hatari,
	Author = {{\'S}liwerski, Jacek and Zimmermann, Thomas and Zeller, Andreas},
	Booktitle = {ACM SIGSOFT Software Engineering Notes},
	Organization = {ACM},
	Pages = {107--110},
	Title = {Hatari: raising risk awareness},
	Year = {2005}}

@article{hovemeyer2004finding,
	Author = {Hovemeyer, David and Pugh, William},
	Journal = {Acm sigplan notices},
	Pages = {92--106},
	Publisher = {ACM},
	Title = {Finding bugs is easy},
	Year = {2004}}

@misc{copeland2005pmd,
	Author = {Copeland, Tom},
	Publisher = {Centennial Books Arexandria, Va, USA},
	Title = {PMD applied},
	Year = {2005}}

@article{flanagan2013pldi,
	Author = {Flanagan, Cormac and Leino, K Rustan M and Lillibridge, Mark and Nelson, Greg and Saxe, James B and Stata, Raymie},
	Journal = {ACM Sigplan Notices},
	Pages = {22--33},
	Publisher = {ACM},
	Title = {PLDI 2002: Extended static checking for Java},
	Year = {2013}}

@misc{artho2001finding,
	Author = {Artho, Cyrille},
	Title = {Finding faults in multi-threaded programs},
	Year = {2001}}

@inproceedings{janssen2009zoltar,
	Author = {Janssen, Tom and Abreu, Rui and Van Gemund, Arjan JC},
	Booktitle = {Proceedings of the 2009 ESEC/FSE workshop on Software integration and evolution@ runtime},
	Organization = {ACM},
	Pages = {23--30},
	Title = {Zoltar: a spectrum-based fault localization tool},
	Year = {2009}}

@article{harrold2000empirical,
	Author = {Harrold, Mary Jean and Rothermel, Gregg and Sayre, Kent and Wu, Rui and Yi, Liu},
	Journal = {Software Testing Verification and Reliability},
	Pages = {171--194},
	Publisher = {Chichester, Sussex, England: J. Wiley, c1992-},
	Title = {An empirical investigation of the relationship between spectra differences and regression faults},
	Year = {2000}}

@inproceedings{tiwari2011spectrum,
	Author = {Tiwari, Shailesh and Mishra, KK and Kumar, Anoj and Misra, Arun Kumar},
	Booktitle = {Information Technology: New Generations (ITNG), 2011 Eighth International Conference on},
	Organization = {IEEE},
	Pages = {191--195},
	Title = {Spectrum-based fault localization in regression testing},
	Year = {2011}}

@inproceedings{jones2002visualization,
	Author = {Jones, James A and Harrold, Mary Jean and Stasko, John},
	Booktitle = {Proceedings of the 24th international conference on Software engineering},
	Organization = {ACM},
	Pages = {467--477},
	Title = {Visualization of test information to assist fault localization},
	Year = {2002}}

@inproceedings{misherghi2006hdd,
	Author = {Misherghi, Ghassan and Su, Zhendong},
	Booktitle = {Proceedings of the 28th international conference on Software engineering},
	Organization = {ACM},
	Pages = {142--151},
	Title = {HDD: hierarchical delta debugging},
	Year = {2006}}

@inproceedings{zeller2002isolating,
	Author = {Zeller, Andreas},
	Booktitle = {Proceedings of the 10th ACM SIGSOFT symposium on Foundations of software engineering},
	Organization = {ACM},
	Pages = {1--10},
	Title = {Isolating cause-effect chains from computer programs},
	Year = {2002}}

@inproceedings{asadollah2015towards,
	Author = {Asadollah, Sara Abbaspour and Hansson, Hans and Sundmark, Daniel and Eldh, Sigrid},
	Booktitle = {Complex Faults and Failures in Large Software Systems (COUFLESS), 2015 IEEE/ACM 1st International Workshop on},
	Organization = {IEEE},
	Pages = {41--47},
	Title = {Towards classification of concurrency bugs based on observable properties},
	Year = {2015}}

@inproceedings{nguyen2010case,
  title={A case study of bias in bug-fix datasets},
  author={Nguyen, Thanh HD and Adams, Bram and Hassan, Ahmed E},
  booktitle={Reverse Engineering (WCRE), 2010 17th Working Conference on},
  pages={259--268},
  year={2010},
  organization={IEEE}
}
